% Encoding: UTF-8

@Article{Cremers2018Assessing,
  author  = {Cremers, J and Mainhard, M. Tim and Klugkist, I},
  title   = {Assessing a Bayesian embedding approach to circular regression models.},
  journal = {Methodology},
  year    = {2018},
  volume  = {14},
  number  = {2},
  pages   = {69--81},
}

@Article{CremersMulderKlugkist2017,
  author  = {Cremers, J and Mulder, Kees and Klugkist, I},
  title   = {Circular interpretation of regression coefficients},
  journal = {British Journal of Mathematical and Statistical Psychology},
  year    = {2018},
  volume  = {71},
  number  = {1},
  pages   = {75-95},
  doi     = {10.1111/bmsp.12108},
}

@Article{fisher1992regression,
  author    = {Fisher, Nicholas I and Lee, Alan J},
  title     = {Regression models for an angular response},
  journal   = {Biometrics},
  year      = {1992},
  volume    = {48},
  number    = {3},
  pages     = {665--677},
  groups    = {Frequentist stuff},
  publisher = {JSTOR},
}

@Article{kendall1974,
  author =    {Kendall, D G.},
  title =     {Pole-seeking Brownian motion and bird navigation},
  journal =   {Journal of the Royal Statistical Society. Series B},
  year =      {1974},
  volume =    {37},
  pages =     {97--133},
  owner =     {3463230},
  timestamp = {2014.10.09}
}

@Article{lagona2016regression,
  author =    {Lagona, Francesco},
  title =     {Regression analysis of correlated circular data based on the multivariate von Mises distribution},
  journal =   {Environmental and ecological statistics},
  year =      {2016},
  volume =    {23},
  number =    {1},
  pages =     {89--113},
  doi =       {10.1007/s10651-015-0330-y},
  publisher = {Springer}
}

@Book{mardia2000directional,
  title     = {Directional statistics},
  publisher = {Chichester, England: Wiley},
  year      = {2000},
  author    = {Mardia, Kanti V and Jupp, Peter E},
  groups    = {Frequentist stuff},
}

@Article{mulder2017bayesian,
  author =  {Mulder, Kees and Klugkist, Irene},
  title =   {Bayesian estimation and hypothesis tests for a circular Generalized Linear Model},
  journal = {Journal of Mathematical Psychology},
  year =    {2017},
  volume =  {80},
  pages =   {4--14},
  doi =     {10.1016/j.jmp.2017.07.001}
}

@Article{nunez2011bayesian,
  author    = {Nu{\~n}ez-Antonio, Gabriel and Guti{\'e}rrez-Pe{\~n}a, Eduardo and Escarela, Gabriel},
  title     = {A {Bayes}ian regression model for circular data based on the projected normal distribution},
  journal   = {Statistical Modelling},
  year      = {2011},
  volume    = {11},
  number    = {3},
  pages     = {185--201},
  doi       = {10.1177/1471082X1001100301},
  publisher = {SAGE Publications},
}

@Article{presnell1998projected,
  author    = {Presnell, Brett and Morrison, Scott P and Littell, Ramon C},
  title     = {Projected multivariate linear models for directional data},
  journal   = {Journal of the American Statistical Association},
  year      = {1998},
  volume    = {93},
  number    = {443},
  pages     = {1068--1077},
  doi       = {10.1080/01621459.1998.10473768},
  publisher = {Taylor \& Francis Group},
}

@Article{puglisi2017role,
  author =  {Puglisi, Guglielmo and Leonetti, Antonella and Landau, Ayelet and Fornia, Luca and Cerri, Gabriella and Borroni, Paola},
  title =   {The role of attention in human motor resonance},
  journal = {PloS one},
  year =    {2017},
  volume =  {12},
  number =  {5},
  pages =   {e0177457},
  doi =     {10.1371/journal.pone.0177457}
}

@Article{ravindran2011bayesian,
  author =    {Ravindran, Palanikumar and Ghosh, Sujit K},
  title =     {Bayesian analysis of circular data using wrapped distributions},
  journal =   {Journal of Statistical Theory and Practice},
  year =      {2011},
  volume =    {5},
  number =    {4},
  pages =     {547--561},
  doi =       {10.1080/15598608.2011.10483731},
  publisher = {Taylor \& Francis}
}

@Article{rivest2015general,
  author  = {Rivest, Louis-Paul and Duchesne, Thierry and Nicosia, Aur{\'e}lien and Fortin, Daniel},
  title   = {A general angular regression model for the analysis of data on animal movement in ecology},
  journal = {Journal of the Royal Statistical Society: Series C (Applied Statistics)},
  year    = {2015},
  volume  = {63},
  number  = {3},
  pages   = {445--463},
  doi     = {10.1111/rssc.12124},
}

@Article{wang2012directional,
  author    = {Wang, Fangpo and Gelfand, Alan E},
  title     = {Directional data analysis under the general projected normal distribution},
  journal   = {Statistical Methodology},
  year      = {2013},
  volume    = {10},
  number    = {1},
  pages     = {113--127},
  doi       = {10.1016/j.stamet.2012.07.005},
  issue     = {1},
  publisher = {Elsevier},
}

@Comment{jabref-meta: databaseType:bibtex;}
